@book{PrimeraRef,
    title={Introduction to algorithms},
    author={Cormen, Thomas H; Leiserson, Charles E.},
    publisher={MIT Press},
    year={2003},
    ISBN ={0-262-03293-7},
}

@online{Meq1,
    author    = "Wayne Pollock",
    title     = "Creating and Using Java Doc Comments",
    url       = "https://wpollock.com/Java/JavaDoc.pdf",
    urldate   = "2020-11-13",
    keywords  = "javadoc,java",
}

@online{Poli1,
    author    = "Andy Wicks",
    title     = "Java - BubleSort",
    url       = "https://www.youtube.com/watch?v=RqfWvIsYmsc&ab_channel=AndyWicks",
    urldate   = "2020-11-09",
    keywords  = "sort,java",
}